
@article{fake1,
  title={Everything you would like to ask about LaTeX and did't have the guts to ask},
  author={Surname1, Name1 Name2 and Surname2, Name2 and You, Probably Understand},
  journal={Salami Science},
  volume={29},
  number={7},
  pages={845--854},
  year={2023},
  publisher={Magical Sciences}
}

@inproceedings{fake2,
  title={Boldly go where no man has gone before},
  author={Jones, Indiana and Kent, Clark and Mouse, Mickey},
  booktitle={Is learning in deep space a type of deep learning?},
  pages={3--50},
  year={2024},
  organization={Springer}
}


